@mastersthesis{Senf13,
  key         ={Senf13},
  author      ={Iyengar, Aditya},
  title       ={Holistic Auto-ML for specialized hardware(FPGAs) on medical data (fibrillation data)},
  editor      ={Iyengar, Aditya},
  howpublished={Master Thesis},
  school      ={Department of Computer Science, University of Kaiserslautern, Germany},
  year        ={2020},
  note        ={Master},
}

@article{fukushima1980neocognitron,
  title={Neocognitron: A self-organizing neural network model for a mechanism of pattern recognition unaffected by shift in position},
  author={Fukushima, Kunihiko},
  journal={Biological cybernetics},
  volume={36},
  number={4},
  pages={193--202},
  year={1980},
  publisher={Springer}
}

@incollection{lecun1999object,
  title={Object recognition with gradient-based learning},
  author={LeCun, Yann and Haffner, Patrick and Bottou, L{\'e}on and Bengio, Yoshua},
  booktitle={Shape, contour and grouping in computer vision},
  pages={319--345},
  year={1999},
  publisher={Springer}
}

@misc{karparthy,
    author = "{Karparthy, Andrej}",
    title = {{Neural Networks 1}},
    howpublished = {\url{http://cs231n.github.io/neural-networks-1/}},
    note = {Online},
    year=2016,
}

@article{athiwaratkun2015feature,
  title={Feature representation in convolutional neural networks},
  author={Athiwaratkun, Ben and Kang, Keegan},
  journal={arXiv preprint arXiv:1507.02313},
  year={2015}
}

@inproceedings{yang2015deep,
  title={Deep convolutional neural networks on multichannel time series for human activity recognition},
  author={Yang, Jianbo and Nguyen, Minh Nhut and San, Phyo Phyo and Li, Xiao Li and Krishnaswamy, Shonali},
  booktitle={Twenty-Fourth International Joint Conference on Artificial Intelligence},
  year={2015}
}

@inproceedings{pyakillya2017deep,
  title={Deep learning for ECG classification},
  author={Pyakillya, B and Kazachenko, N and Mikhailovsky, N},
  booktitle={Journal of physics: conference series},
  volume={913},
  number={1},
  pages={012004},
  year={2017},
  organization={IOP Publishing}
}

@misc{wiki:xxx,
    author = "{Wikipedia contributors}",
    title = "Convolutional neural network --- {Wikipedia}{,} The Free Encyclopedia",
    year = "2020",
    howpublished = "\url{https://en.wikipedia.org/w/index.php?title=Convolutional_neural_network&oldid=944604348}",
    note = "[Online; accessed 9-March-2020]"
}

@incollection{NIPS2019_8743,
title = {SpArSe: Sparse Architecture Search for CNNs on Resource-Constrained Microcontrollers},
author = {Fedorov, Igor and Adams, Ryan P and Mattina, Matthew and Whatmough, Paul},
booktitle = {Advances in Neural Information Processing Systems 32},
editor = {H. Wallach and H. Larochelle and A. Beygelzimer and F. d\textquotesingle Alch\'{e}-Buc and E. Fox and R. Garnett},
pages = {4977--4989},
year = {2019},
publisher = {Curran Associates, Inc.},
url = {http://papers.nips.cc/paper/8743-sparse-sparse-architecture-search-for-cnns-on-resource-constrained-microcontrollers.pdf}
}

@article{liu2018darts,
  title={Darts: Differentiable architecture search},
  author={Liu, Hanxiao and Simonyan, Karen and Yang, Yiming},
  journal={arXiv preprint arXiv:1806.09055},
  year={2018}
}

@article{ovtcharov2015accelerating,
  title={Accelerating deep convolutional neural networks using specialized hardware},
  author={Ovtcharov, Kalin and Ruwase, Olatunji and Kim, Joo-Young and Fowers, Jeremy and Strauss, Karin and Chung, Eric S},
  journal={Microsoft Research Whitepaper},
  volume={2},
  number={11},
  pages={1--4},
  year={2015}
}

@inproceedings{coates2013deep,
  title={Deep learning with COTS HPC systems},
  author={Coates, Adam and Huval, Brody and Wang, Tao and Wu, David and Catanzaro, Bryan and Andrew, Ng},
  booktitle={International conference on machine learning},
  pages={1337--1345},
  year={2013}
}

@misc{leskelä_2019, 
    publisher={Haltian}, 
    author={Leskelä, Jyrki},
    howpublished = {\url{https://haltian.com/news/fpga-vs-gpu/}},
    note = {Online},
    year={2019}, 
    month={Aug}
}

@inproceedings{qasaimeh2019comparing,
  title={Comparing Energy Efficiency of CPU, GPU and FPGA Implementations for Vision Kernels},
  author={Qasaimeh, Murad and Denolf, Kristof and Lo, Jack and Vissers, Kees and Zambreno, Joseph and Jones, Phillip H},
  booktitle={2019 IEEE International Conference on Embedded Software and Systems (ICESS)},
  pages={1--8},
  year={2019},
  organization={IEEE}
}

@inproceedings{liang2019evolutionary,
  title={Evolutionary neural automl for deep learning},
  author={Liang, Jason and Meyerson, Elliot and Hodjat, Babak and Fink, Dan and Mutch, Karl and Miikkulainen, Risto},
  booktitle={Proceedings of the Genetic and Evolutionary Computation Conference},
  pages={401--409},
  year={2019}
}

@article{elsken2018neural,
  title={Neural architecture search: A survey},
  author={Elsken, Thomas and Metzen, Jan Hendrik and Hutter, Frank},
  journal={arXiv preprint arXiv:1808.05377},
  year={2018}
}

@article{stanley2002evolving,
  title={Evolving neural networks through augmenting topologies},
  author={Stanley, Kenneth O and Miikkulainen, Risto},
  journal={Evolutionary computation},
  volume={10},
  number={2},
  pages={99--127},
  year={2002},
  publisher={MIT Press}
}

@article{jaderberg2017population,
  title={Population based training of neural networks},
  author={Jaderberg, Max and Dalibard, Valentin and Osindero, Simon and Czarnecki, Wojciech M and Donahue, Jeff and Razavi, Ali and Vinyals, Oriol and Green, Tim and Dunning, Iain and Simonyan, Karen and others},
  journal={arXiv preprint arXiv:1711.09846},
  year={2017}
}

@article{dally2015high,
  title={High-performance hardware for machine learning},
  author={Dally, William},
  journal={NIPS Tutorial},
  year={2015}
}

@inproceedings{choukroun2019low,
  title={Low-bit quantization of neural networks for efficient inference},
  author={Choukroun, Yoni and Kravchik, Eli and Yang, Fan and Kisilev, Pavel},
  booktitle={2019 IEEE/CVF International Conference on Computer Vision Workshop (ICCVW)},
  pages={3009--3018},
  year={2019},
  organization={IEEE}
}

@article{hannun2019cardiologist,
  title={Cardiologist-level arrhythmia detection and classification in ambulatory electrocardiograms using a deep neural network},
  author={Hannun, Awni Y and Rajpurkar, Pranav and Haghpanahi, Masoumeh and Tison, Geoffrey H and Bourn, Codie and Turakhia, Mintu P and Ng, Andrew Y},
  journal={Nature medicine},
  volume={25},
  number={1},
  pages={65},
  year={2019},
  publisher={Nature Publishing Group}
}

@inproceedings{clifford2017af,
  title={AF Classification from a short single lead ECG recording: the PhysioNet/Computing in Cardiology Challenge 2017},
  author={Clifford, Gari D and Liu, Chengyu and Moody, Benjamin and Li-wei, H Lehman and Silva, Ikaro and Li, Qiao and Johnson, AE and Mark, Roger G},
  booktitle={2017 Computing in Cardiology (CinC)},
  pages={1--4},
  year={2017},
  organization={IEEE}
}

@inproceedings{xiong2017robust,
  title={Robust ECG signal classification for detection of atrial fibrillation using a novel neural network},
  author={Xiong, Zhaohan and Stiles, Martin K and Zhao, Jichao},
  booktitle={2017 Computing in Cardiology (CinC)},
  pages={1--4},
  year={2017},
  organization={IEEE}
}

@inproceedings{zihlmann2017convolutional,
  title={Convolutional recurrent neural networks for electrocardiogram classification},
  author={Zihlmann, Martin and Perekrestenko, Dmytro and Tschannen, Michael},
  booktitle={2017 Computing in Cardiology (CinC)},
  pages={1--4},
  year={2017},
  organization={IEEE}
}

@article{vanhoucke2011improving,
  title={Improving the speed of neural networks on CPUs},
  author={Vanhoucke, Vincent and Senior, Andrew and Mao, Mark Z},
  year={2011}
}

@article{alfaras2019fast,
  title={A fast machine learning model for ECG-based heartbeat classification and arrhythmia detection},
  author={Alfaras, Miquel and Soriano, Miguel Cornelles and Ort{\'\i}n, Silvia},
  journal={Frontiers in Physics},
  volume={7},
  pages={103},
  year={2019},
  publisher={Frontiers}
}

@inproceedings{nurvitadhi2017can,
  title={Can FPGAs beat GPUs in accelerating next-generation deep neural networks?},
  author={Nurvitadhi, Eriko and Venkatesh, Ganesh and Sim, Jaewoong and Marr, Debbie and Huang, Randy and Ong Gee Hock, Jason and Liew, Yeong Tat and Srivatsan, Krishnan and Moss, Duncan and Subhaschandra, Suchit and others},
  booktitle={Proceedings of the 2017 ACM/SIGDA International Symposium on Field-Programmable Gate Arrays},
  pages={5--14},
  year={2017}
}

@article{shawahna2018fpga,
  title={FPGA-based accelerators of deep learning networks for learning and classification: A review},
  author={Shawahna, Ahmad and Sait, Sadiq M and El-Maleh, Aiman},
  journal={IEEE Access},
  volume={7},
  pages={7823--7859},
  year={2018},
  publisher={IEEE}
}

@article{han2019design,
  title={Design automation for efficient deep learning computing},
  author={Han, Song and Cai, Han and Zhu, Ligeng and Lin, Ji and Wang, Kuan and Liu, Zhijian and Lin, Yujun},
  journal={arXiv preprint arXiv:1904.10616},
  year={2019}
}

@article{qiao2017fpga,
  title={FPGA-accelerated deep convolutional neural networks for high throughput and energy efficiency},
  author={Qiao, Yuran and Shen, Junzhong and Xiao, Tao and Yang, Qianming and Wen, Mei and Zhang, Chunyuan},
  journal={Concurrency and Computation: Practice and Experience},
  volume={29},
  number={20},
  pages={e3850},
  year={2017},
  publisher={Wiley Online Library}
}

@article{lu2018nsga,
  title={Nsga-net: A multi-objective genetic algorithm for neural architecture search},
  author={Lu, Zhichao and Whalen, Ian and Boddeti, Vishnu and Dhebar, Yashesh and Deb, Kalyanmoy and Goodman, Erik and Banzhaf, Wolfgang},
  year={2018}
}

@inproceedings{reagen2016minerva,
  title={Minerva: Enabling low-power, highly-accurate deep neural network accelerators},
  author={Reagen, Brandon and Whatmough, Paul and Adolf, Robert and Rama, Saketh and Lee, Hyunkwang and Lee, Sae Kyu and Hern{\'a}ndez-Lobato, Jos{\'e} Miguel and Wei, Gu-Yeon and Brooks, David},
  booktitle={2016 ACM/IEEE 43rd Annual International Symposium on Computer Architecture (ISCA)},
  pages={267--278},
  year={2016},
  organization={IEEE}
}

@inproceedings{rapaport2019eegnas,
  title={EEGNAS: Neural Architecture Search for Electroencephalography Data Analysis and Decoding},
  author={Rapaport, Elad and Shriki, Oren and Puzis, Rami},
  booktitle={International Workshop on Human Brain and Artificial Intelligence},
  pages={3--20},
  year={2019},
  organization={Springer}
}

@article{mcgill1978variations,
  title={Variations of box plots},
  author={McGill, Robert and Tukey, John W and Larsen, Wayne A},
  journal={The American Statistician},
  volume={32},
  number={1},
  pages={12--16},
  year={1978},
  publisher={Taylor \& Francis Group}
}

@misc{krzywinski2014points,
  title={Points of significance: visualizing samples with box plots},
  author={Krzywinski, Martin and Altman, Naomi},
  year={2014},
  publisher={Nature Publishing Group}
}

@article{scott1979optimal,
  title={On optimal and data-based histograms},
  author={Scott, David W},
  journal={Biometrika},
  volume={66},
  number={3},
  pages={605--610},
  year={1979},
  publisher={Oxford University Press}
}

@article{qayyum2020secure,
  title={Secure and Robust Machine Learning for Healthcare: A Survey},
  author={Qayyum, Adnan and Qadir, Junaid and Bilal, Muhammad and Al-Fuqaha, Ala},
  journal={arXiv preprint arXiv:2001.08103},
  year={2020}
}

@misc{wiki:Electrocardiography,
   author = "Wikipedia",
   title = "{Electrocardiography} --- {W}ikipedia{,} The Free Encyclopedia",
   year = "2020",
   howpublished = {\url{http://en.wikipedia.org/w/index.php?title=Electrocardiography&oldid=951962333}},
   note = "[Online; accessed 22-April-2020]"
 }
 
 @article{fuster2001acc,
  title={ACC/AHA/ESC guidelines for the management of patients with atrial fibrillation: executive summary: a report of the American College of Cardiology/American Heart Association Task Force on Practice Guidelines and the European Society of Cardiology Committee for Practice Guidelines and Policy Conferences (Committee to Develop Guidelines for the Management of Patients With Atrial Fibrillation) Developed in collaboration with the North American Society of Pacing and Electrophysiology},
  author={Fuster, Valentin and Ryd{\'e}n, Lars E and Asinger, Richard W and Cannom, David S and Crijns, Harry J and Frye, Robert L and Halperin, Jonathan L and Kay, G Neal and Klein, Werner W and L{\'e}vy, Samuel and others},
  journal={Journal of the American College of Cardiology},
  volume={38},
  number={4},
  pages={1231--1265},
  year={2001},
  publisher={Journal of the American College of Cardiology}
}

@inproceedings{smolen2017atrial,
  title={Atrial fibrillation detection using boosting and stacking ensemble},
  author={Smole{\'n}, Dawid},
  booktitle={2017 Computing in Cardiology (CinC)},
  pages={1--4},
  year={2017},
  organization={IEEE}
}

@article{developed2010guidelines,
  title={Guidelines for the management of atrial fibrillation: the Task Force for the Management of Atrial Fibrillation of the European Society of Cardiology (ESC)},
  author={Developed with the special contribution of the European Heart Rhythm Association (EHRA) and Endorsed by the European Association for Cardio-Thoracic Surgery (EACTS) and Authors/Task Force Members and Camm, A John and Kirchhof, Paulus and Lip, Gregory YH and Schotten, Ulrich and Savelieva, Irene and Ernst, Sabine and Van Gelder, Isabelle C and others},
  journal={European heart journal},
  volume={31},
  number={19},
  pages={2369--2429},
  year={2010},
  publisher={Oxford University Press}
}

@article{sak2014long,
  title={Long short-term memory recurrent neural network architectures for large scale acoustic modeling},
  author={Sak, Hasim and Senior, Andrew W and Beaufays, Fran{\c{c}}oise},
  year={2014}
}

@article{russakovsky2015imagenet,
  title={Imagenet large scale visual recognition challenge},
  author={Russakovsky, Olga and Deng, Jia and Su, Hao and Krause, Jonathan and Satheesh, Sanjeev and Ma, Sean and Huang, Zhiheng and Karpathy, Andrej and Khosla, Aditya and Bernstein, Michael and others},
  journal={International journal of computer vision},
  volume={115},
  number={3},
  pages={211--252},
  year={2015},
  publisher={Springer}
}

@article{gulshan2016development,
  title={Development and validation of a deep learning algorithm for detection of diabetic retinopathy in retinal fundus photographs},
  author={Gulshan, Varun and Peng, Lily and Coram, Marc and Stumpe, Martin C and Wu, Derek and Narayanaswamy, Arunachalam and Venugopalan, Subhashini and Widner, Kasumi and Madams, Tom and Cuadros, Jorge and others},
  journal={Jama},
  volume={316},
  number={22},
  pages={2402--2410},
  year={2016},
  publisher={American Medical Association}
}

@article{esteva2017dermatologist,
  title={Dermatologist-level classification of skin cancer with deep neural networks},
  author={Esteva, Andre and Kuprel, Brett and Novoa, Roberto A and Ko, Justin and Swetter, Susan M and Blau, Helen M and Thrun, Sebastian},
  journal={Nature},
  volume={542},
  number={7639},
  pages={115--118},
  year={2017},
  publisher={Nature Publishing Group}
}

@article{deo2015machine,
  title={Machine learning in medicine},
  author={Deo, Rahul C},
  journal={Circulation},
  volume={132},
  number={20},
  pages={1920--1930},
  year={2015},
  publisher={Am Heart Assoc}
}

@article{beaulieu2019trends,
  title={Trends and Focus of Machine Learning Applications for Health Research},
  author={Beaulieu-Jones, Brett and Finlayson, Samuel G and Chivers, Corey and Chen, Irene and McDermott, Matthew and Kandola, Jaz and Dalca, Adrian V and Beam, Andrew and Fiterau, Madalina and Naumann, Tristan},
  journal={JAMA network open},
  volume={2},
  number={10},
  pages={e1914051--e1914051},
  year={2019},
  publisher={American Medical Association}
}

@article{picon2019mixed,
  title={Mixed convolutional and long short-term memory network for the detection of lethal ventricular arrhythmia},
  author={Picon, Artzai and Irusta, Unai and {\'A}lvarez-Gila, Aitor and Aramendi, Elisabete and Alonso-Atienza, Felipe and Figuera, Carlos and Ayala, Unai and Garrote, Estibaliz and Wik, Lars and Kramer-Johansen, Jo and others},
  journal={PloS one},
  volume={14},
  number={5},
  year={2019},
  publisher={Public Library of Science}
}

@article{elola2019deep,
  title={Deep neural networks for ECG-based pulse detection during out-of-hospital cardiac arrest},
  author={Elola, Andoni and Aramendi, Elisabete and Irusta, Unai and Pic{\'o}n, Artzai and Alonso, Erik and Owens, Pamela and Idris, Ahamed},
  journal={Entropy},
  volume={21},
  number={3},
  pages={305},
  year={2019},
  publisher={Multidisciplinary Digital Publishing Institute}
}

@inproceedings{szegedy2016rethinking,
  title={Rethinking the inception architecture for computer vision},
  author={Szegedy, Christian and Vanhoucke, Vincent and Ioffe, Sergey and Shlens, Jon and Wojna, Zbigniew},
  booktitle={Proceedings of the IEEE conference on computer vision and pattern recognition},
  pages={2818--2826},
  year={2016}
}

@inproceedings{xie2017aggregated,
  title={Aggregated residual transformations for deep neural networks},
  author={Xie, Saining and Girshick, Ross and Doll{\'a}r, Piotr and Tu, Zhuowen and He, Kaiming},
  booktitle={Proceedings of the IEEE conference on computer vision and pattern recognition},
  pages={1492--1500},
  year={2017}
}

@incollection{loroch2017tensorquant,
  title={Tensorquant: A simulation toolbox for deep neural network quantization},
  author={Loroch, Dominik Marek and Pfreundt, Franz-Josef and Wehn, Norbert and Keuper, Janis},
  booktitle={Proceedings of the Machine Learning on HPC Environments},
  pages={1--8},
  year={2017}
}

@article{yildirim2018arrhythmia,
  title={Arrhythmia detection using deep convolutional neural network with long duration ECG signals},
  author={Y{\i}ld{\i}r{\i}m, {\"O}zal and P{\l}awiak, Pawe{\l} and Tan, Ru-San and Acharya, U Rajendra},
  journal={Computers in biology and medicine},
  volume={102},
  pages={411--420},
  year={2018},
  publisher={Elsevier}
}

@article{han2015deep,
  title={Deep compression: Compressing deep neural networks with pruning, trained quantization and huffman coding},
  author={Han, Song and Mao, Huizi and Dally, William J},
  journal={arXiv preprint arXiv:1510.00149},
  year={2015}
}

@inproceedings{lin2016fixed,
  title={Fixed point quantization of deep convolutional networks},
  author={Lin, Darryl and Talathi, Sachin and Annapureddy, Sreekanth},
  booktitle={International Conference on Machine Learning},
  pages={2849--2858},
  year={2016}
}

@article{sun2020automatically,
  title={Automatically Designing CNN Architectures Using the Genetic Algorithm for Image Classification},
  author={Sun, Yanan and Xue, Bing and Zhang, Mengjie and Yen, Gary G and Lv, Jiancheng},
  journal={IEEE Transactions on Cybernetics},
  year={2020},
  publisher={IEEE}
}

@inproceedings{real2019regularized,
  title={Regularized evolution for image classifier architecture search},
  author={Real, Esteban and Aggarwal, Alok and Huang, Yanping and Le, Quoc V},
  booktitle={Proceedings of the aaai conference on artificial intelligence},
  volume={33},
  pages={4780--4789},
  year={2019}
}

@article{elsken2018efficient,
  title={Efficient multi-objective neural architecture search via lamarckian evolution},
  author={Elsken, Thomas and Metzen, Jan Hendrik and Hutter, Frank},
  journal={arXiv preprint arXiv:1804.09081},
  year={2018}
}